@book{sipsertheoryofcomp,
  Author = {Michael Sipser},
  Title = {Introduction to the Theory of Computation},
  Publisher = {Course Technology},
  Year = {2012},
  ISBN = {113318779X},
  URL = {http://www.amazon.com/Introduction-Theory-Computation-Michael-Sipser/dp/113318779X%3FSubscriptionId%3D0JYN1NVW651KCA56C102%26tag%3Dtechkie-20%26linkCode%3Dxm2%26camp%3D2025%26creative%3D165953%26creativeASIN%3D113318779X}
}

@book{arora_baraz_computational_complexity,
  Author = {Sanjeev Arora and Boaz Barak},
  Title = {Computational Complexity: A Modern Approach},
  Publisher = {Cambridge University Press},
  Year = {2009},
  ISBN = {0521424267},
  URL = {http://www.amazon.com/Computational-Complexity-A-Modern-Approach/dp/0521424267%3FSubscriptionId%3D0JYN1NVW651KCA56C102%26tag%3Dtechkie-20%26linkCode%3Dxm2%26camp%3D2025%26creative%3D165953%26creativeASIN%3D0521424267}
}